<?xml version="1.0" encoding="UTF-8"?><collection xmlns="http://www.loc.gov/MARC21/slim"><record><leader>00673nam--2200193-i-4500</leader><controlfield tag="001">000049414</controlfield><controlfield tag="002">20161230</controlfield><controlfield tag="005">20161230201047</controlfield><controlfield tag="008">060222s1000------------r-----000-0-eng-d</controlfield><datafield ind1=" " ind2=" " tag="020"><subfield code="a">9971505533</subfield></datafield><datafield ind1=" " ind2=" " tag="040"><subfield code="a">IFIN-HH</subfield></datafield><datafield ind1=" " ind2=" " tag="080"><subfield code="a">539.12.01(061.3)</subfield></datafield><datafield ind1="1" ind2=" " tag="100"><subfield code="a">Sinha, Bikash</subfield></datafield><datafield ind1="1" ind2="0" tag="245"><subfield code="a">Physics and astrophysics of quark-gluon plasma</subfield><subfield code="b">Proceedings of the international conference held at tata institute of fundamental research, bombay, india, february 8-12, 1988 icpa-qgp '88</subfield><subfield code="c">Bikash sinha, sibaji raha (eds.)</subfield></datafield><datafield ind1=" " ind2=" " tag="260"><subfield code="a">Singapore</subfield><subfield code="b">World Scientific</subfield><subfield code="c">1988</subfield></datafield><datafield ind1=" " ind2=" " tag="300"><subfield code="a">698P</subfield></datafield><datafield ind1="1" ind2=" " tag="700"><subfield code="a">Raha, Sibaji</subfield><subfield code="e">Ed</subfield></datafield><datafield ind1=" " ind2=" " tag="852"><subfield code="a">79729</subfield><subfield code="c">539.12</subfield></datafield><datafield ind1=" " ind2=" " tag="CAT"><subfield code="a">Sys</subfield><subfield code="c">20120201</subfield><subfield code="h">102614</subfield></datafield></record></collection>